@article{anderson1965,
  title         = {Iterative Procedures for Nonlinear Integral Equations},
  author        = {Anderson, Donald G.},
  year          = {1965},
  journal       = {J. ACM},
  volume        = {12},
  number        = {4},
  pages         = {547--560},
  doi           = {10.1145/321296.321305},
  issn          = {0004-5411},
  urldate       = {2025-05-06}
}

@book{barlow1972,
  title         = {
    Statistical Inference under Order Restrictions: The Theory and Application of Isotonic
    Regression
  },
  shorttitle    = {Statistical Inference under Order Restrictions;},
  author        = {Barlow, Richard E. and Bartholomew, D. J. and Brunk, H. D. and Bremner, J. E.},
  year          = {1972},
  publisher     = {Wiley},
  address       = {New York},
  series        = {Wiley Series in Probability and Mathematical Statistics},
  number        = {8},
  isbn          = {978-0-471-04970-8},
  langid        = {english},
  keywords      = {isotonic regression,pava}
}

@article{glowinski1975,
  title         = {
    Sur l'approximation, Par {\'E}l{\'e}ments Finis d'ordre Un, et La R{\'e}solution, Par
    P{\'e}nalisation-Dualit{\'e} d'une Classe de Probl{\`e}mes de {{Dirichlet}} Non Lin{\'e}aires
  },
  author        = {Glowinski, R. and Marroco, A.},
  year          = {1975},
  journal       = {
    Revue fran{\c c}aise d'automatique, informatique, recherche op{\'e}rationnelle. Analyse
    num{\'e}rique
  },
  volume        = {9},
  number        = {R2},
  pages         = {41--76},
  issn          = {2777-3493},
  urldate       = {2025-05-08},
  langid        = {english},
  keywords      = {admm}
}

@article{santosa1986,
  title         = {Linear Inversion of Band-Limited Reflection Seismograms},
  author        = {Santosa, Fadil and Symes, William W.},
  year          = {1986},
  journal       = {SIAM Journal on Scientific and Statistical Computing},
  volume        = {7},
  number        = {4},
  pages         = {1307--1330},
  doi           = {10.1137/0907087},
  issn          = {0196-5204},
  urldate       = {2023-11-21},
  langid        = {english}
}

@article{barzilai1988,
  title         = {Two-Point Step Size Gradient Methods},
  author        = {Barzilai, Jonathan and Borwein, Jonathan M.},
  year          = {1988},
  journal       = {IMA Journal of Numerical Analysis},
  volume        = {8},
  number        = {1},
  pages         = {141--148},
  doi           = {10.1093/imanum/8.1.141},
  issn          = {0272-4979},
  urldate       = {2025-05-06}
}

@article{donoho1994,
  title         = {Ideal Spatial Adaptation by Wavelet Shrinkage},
  author        = {Donoho, David L. and Johnstone, Iain M.},
  year          = {1994},
  journal       = {Biometrika},
  volume        = {81},
  number        = {3},
  pages         = {425--455},
  doi           = {10.2307/2337118},
  issn          = {0006-3444},
  urldate       = {2023-10-06},
  eprint        = {2337118},
  eprinttype    = {jstor}
}

@article{donoho1995,
  title         = {Adapting to Unknown Smoothness via Wavelet Shrinkage},
  author        = {Donoho, David L. and Johnstone, Iain M.},
  year          = {1995},
  journal       = {Journal of the American Statistical Association},
  volume        = {90},
  number        = {432},
  pages         = {1200--1224},
  doi           = {10.2307/2291512},
  issn          = {0162-1459},
  urldate       = {2023-11-03},
  eprint        = {2291512},
  eprinttype    = {jstor}
}

@article{tibshirani1996,
  title         = {Regression Shrinkage and Selection via the Lasso},
  author        = {Tibshirani, Robert},
  year          = {1996},
  journal       = {The Journal of the Royal Statistical Society, Series B (Statistical Methodology)},
  volume        = {58},
  number        = {1},
  pages         = {267--288},
  doi           = {10.1111/j.2517-6161.1996.tb02080.x},
  issn          = {0035-9246},
  urldate       = {2018-03-12},
  eprint        = {2346178},
  eprinttype    = {jstor},
  langid        = {english}
}

@article{dagum1998,
  title         = {{{OpenMP}}: An Industry Standard {{API}} for Shared-Memory Programming},
  author        = {Dagum, Leonardo and Menon, Ramesh},
  year          = {1998},
  journal       = {IEEE Computational Science and Engineering},
  volume        = {5},
  number        = {1},
  pages         = {46--55},
  doi           = {10.1109/99.660313},
  issn          = {1558-190X},
  urldate       = {2025-05-15},
  keywords      = {
    ANSI standards,Coherence,Computer architecture,Hardware,Message passing,Parallel
    processing,Parallel programming,Power system modeling,Scalability,Software systems
  }
}

@article{fan2001,
  title         = {Variable Selection via Nonconcave Penalized Likelihood and Its Oracle Properties},
  author        = {Fan, Jianqing and Li, Runze},
  year          = {2001},
  journal       = {Journal of the American Statistical Association},
  volume        = {96},
  number        = {456},
  pages         = {1348--1360},
  doi           = {10/fd7bfs},
  issn          = {0162-1459},
  urldate       = {2018-03-14},
  keywords      = {scad}
}

@article{efron2004,
  title         = {Least Angle Regression},
  author        = {Efron, Bradley and Hastie, Trevor and Johnstone, Iain M. and Tibshirani, Robert},
  year          = {2004},
  journal       = {Annals of Statistics},
  volume        = {32},
  number        = {2},
  pages         = {407--499},
  doi           = {10.1214/009053604000000067},
  issn          = {0090-5364},
  urldate       = {2020-08-20},
  langid        = {english},
  keywords      = {boosting,coefficient paths,lar,lars,Lasso,linear regression,variable selection}
}

@article{lewis2004,
  title         = {{{RCV1}}: A New Benchmark Collection for Text Categorization Research},
  shorttitle    = {{RCV1}},
  author        = {Lewis, David D. and Yang, Yiming and Rose, Tony G. and Li, Fan},
  year          = {2004},
  month         = dec,
  journal       = {The Journal of Machine Learning Research},
  volume        = {5},
  pages         = {361--397},
  issn          = {1532-4435},
  keywords      = {data}
}

@article{zou2005,
  title         = {Regularization and Variable Selection via the {{Elastic Net}}},
  author        = {Zou, Hui and Hastie, Trevor},
  year          = {2005},
  journal       = {The Journal of the Royal Statistical Society, Series B (Statistical Methodology)},
  volume        = {67},
  number        = {2},
  pages         = {301--320},
  issn          = {1369-7412},
  urldate       = {2018-03-12}
}

@article{keerthi2005,
  title         = {A Modified Finite {{Newton}} Method for Fast Solution of Large Scale Linear {{SVMs}}},
  author        = {Keerthi, S. Sathiya and DeCoste, Dennis},
  year          = {2005},
  month         = dec,
  journal       = {The Journal of Machine Learning Research},
  volume        = {6},
  number        = {12},
  pages         = {341--361},
  issn          = {1532-4435},
  keywords      = {data,news20}
}

@article{scheetz2006,
  title         = {Regulation of Gene Expression in the Mammalian Eye and Its Relevance to Eye Disease},
  author        = {
    Scheetz, Todd E. and Kim, Kwang-Youn A. and Swiderski, Ruth E. and Philp, Alisdair R. and
    Braun, Terry A. and Knudtson, Kevin L. and Dorrance, Anne M. and DiBona, Gerald F. and Huang,
    Jian and Casavant, Thomas L. and Sheffield, Val C. and Stone, Edwin M.
  },
  year          = {2006},
  month         = sep,
  journal       = {Proceedings of the National Academy of Sciences},
  publisher     = {Proceedings of the National Academy of Sciences},
  volume        = {103},
  number        = {39},
  pages         = {14429--14434},
  doi           = {10.1073/pnas.0602562103},
  urldate       = {2022-05-17},
  keywords      = {data,scheetz2006}
}

@article{rhee2006,
  title         = {Genotypic Predictors of Human Immunodeficiency Virus Type 1 Drug Resistance},
  author        = {
    Rhee, Soo-Yon and Taylor, Jonathan and Wadhera, Gauhar and {Ben-Hur}, Asa and Brutlag, Douglas
    L. and Shafer, Robert W.
  },
  year          = {2006},
  month         = nov,
  journal       = {Proceedings of the National Academy of Sciences},
  publisher     = {Proceedings of the National Academy of Sciences},
  volume        = {103},
  number        = {46},
  pages         = {17355--17360},
  doi           = {10.1073/pnas.0607274103},
  urldate       = {2022-10-05}
}

@article{friedman2007,
  title         = {Pathwise Coordinate Optimization},
  author        = {Friedman, Jerome and Hastie, Trevor and H{\"o}fling, Holger and Tibshirani, Robert},
  year          = {2007},
  journal       = {The Annals of Applied Statistics},
  volume        = {1},
  number        = {2},
  pages         = {302--332},
  doi           = {10/d88g8c},
  issn          = {1932-6157},
  urldate       = {2018-03-12},
  langid        = {english},
  keywords      = {convex optimization,Coordinate descent,lasso}
}

@article{bondell2008,
  title         = {
    Simultaneous Regression Shrinkage, Variable Selection, and Supervised Clustering of Predictors
    with {{OSCAR}}
  },
  author        = {Bondell, Howard D. and Reich, Brian J.},
  year          = {2008},
  journal       = {Biometrics},
  volume        = {64},
  number        = {1},
  pages         = {115--123},
  doi           = {10.1111/j.1541-0420.2007.00843.x},
  issn          = {0006-341X},
  urldate       = {2020-01-23},
  eprint        = {25502027},
  eprinttype    = {jstor},
  keywords      = {convex-optimization,regression,slope}
}

@article{beck2009,
  title         = {A Fast Iterative Shrinkage-Thresholding Algorithm for Linear Inverse Problems},
  author        = {Beck, A. and Teboulle, M.},
  year          = {2009},
  journal       = {SIAM Journal on Imaging Sciences},
  volume        = {2},
  number        = {1},
  pages         = {183--202},
  doi           = {10.1137/080716542},
  urldate       = {2019-02-10},
  keywords      = {convex-optimization,fista}
}

@article{wright2009,
  title         = {Sparse Reconstruction by Separable Approximation},
  author        = {Wright, Stephen J. and Nowak, Robert D. and Figueiredo, M{\'A}rio A. T.},
  year          = {2009},
  journal       = {IEEE Transactions on Signal Processing},
  volume        = {57},
  number        = {7},
  pages         = {2479--2493},
  doi           = {10.1109/TSP.2009.2016892},
  issn          = {1941-0476},
  urldate       = {2025-05-08},
  keywords      = {
    Compressed sensing,Deconvolution,Equations,Image processing,Image reconstruction,Iterative
    algorithms,Iterative methods,Linear systems,optimization,reconstruction,Signal
    processing,sparse approximation,Statistics
  }
}

@article{guennebaud2010a,
  title         = {Eigen V3},
  author        = {Guennebaud, Ga{\"e}l and Jacob, Beno{\textasciicircum}it and others},
  year          = {2010}
}

@article{boyd2010,
  title         = {
    Distributed Optimization and Statistical Learning via the Alternating Direction Method of
    Multipliers
  },
  author        = {Boyd, Stephen and Parikh, Neil and Chu, Eric and Peleato, Borja and Eckstein, Jonathan},
  year          = {2010},
  journal       = {Foundations and Trends{\textregistered} in Machine Learning},
  volume        = {3},
  number        = {1},
  pages         = {1--122},
  doi           = {10.1561/2200000016},
  issn          = {1935-8237},
  urldate       = {2020-02-07},
  langid        = {english}
}

@article{friedman2010,
  title         = {Regularization Paths for Generalized Linear Models via Coordinate Descent},
  author        = {Friedman, Jerome and Hastie, Trevor and Tibshirani, Robert},
  year          = {2010},
  journal       = {Journal of Statistical Software},
  volume        = {33},
  number        = {1},
  pages         = {1--22},
  doi           = {10.18637/jss.v033.i01}
}

@article{zhang2010,
  title         = {Nearly Unbiased Variable Selection under Minimax Concave Penalty},
  author        = {Zhang, Cun-Hui},
  year          = {2010},
  journal       = {The Annals of Statistics},
  volume        = {38},
  number        = {2},
  pages         = {894--942},
  doi           = {10/bp22zz},
  issn          = {0090-5364},
  urldate       = {2018-03-14},
  langid        = {english},
  mrnumber      = {MR2604701},
  zmnumber      = {1183.62120},
  keywords      = {mcp}
}

@misc{mccallum2010,
  title         = {Data},
  author        = {McCallum, Andrew},
  year          = {2010},
  month         = nov,
  journal       = {Andrew McCallum},
  urldate       = {2025-06-18},
  howpublished  = {https://people.cs.umass.edu/{\textasciitilde}mccallum/data.html}
}

@article{eddelbuettel2011,
  title         = {Rcpp: Seamless {{R}} and {{C}}++ Integration},
  author        = {Eddelbuettel, Dirk and Fran{\c c}ois, Romain},
  year          = {2011},
  journal       = {Journal of Statistical Software},
  volume        = {40},
  number        = {8},
  pages         = {1--18},
  doi           = {10/gc3hqm}
}

@article{pedregosa2011,
  title         = {Scikit-Learn: Machine Learning in {{Python}}},
  shorttitle    = {Scikit-Learn},
  author        = {
    Pedregosa, Fabian and Varoquaux, Ga{\"e}l and Gramfort, Alexandre and Michel, Vincent and
    Thirion, Bertrand and Grisel, Olivier and Blondel, Mathieu and Prettenhofer, Peter and Weiss,
    Ron and Dubourg, Vincent and Vanderplas, Jake and Passos, Alexandre and Cournapeau, David and
    Brucher, Matthieu and Perrot, Matthieu and Duchesnay, {\'E}douard
  },
  year          = {2011},
  journal       = {Journal of Machine Learning Research},
  volume        = {12},
  number        = {85},
  pages         = {2825--2830},
  issn          = {1533-7928},
  urldate       = {2025-03-27},
  langid        = {english}
}

@article{tibshirani2012,
  title         = {Strong Rules for Discarding Predictors in Lasso-Type Problems},
  author        = {
    Tibshirani, Robert and Bien, Jacob and Friedman, Jerome and Hastie, Trevor and Simon, Noah and
    Taylor, Jonathan and Tibshirani, Ryan J.
  },
  year          = {2012},
  journal       = {The Journal of the Royal Statistical Society, Series B (Statistical Methodology)},
  volume        = {74},
  number        = {2},
  pages         = {245--266},
  doi           = {10/c4bb85},
  issn          = {1369-7412},
  urldate       = {2018-03-16},
  langid        = {english}
}

@article{bates2013,
  title         = {Fast and Elegant Numerical Linear Algebra Using the {{RcppEigen}} Package},
  author        = {Bates, Douglas and Eddelbuettel, Dirk},
  year          = {2013},
  journal       = {Journal of Statistical Software},
  volume        = {52},
  number        = {5},
  pages         = {1--24}
}

@misc{bogdan2013,
  title         = {Statistical Estimation and Testing via the Sorted {{L1}} Norm},
  author        = {Bogdan, Ma{\l}gorzata and van den Berg, Ewout and Su, Weijie and Cand{\`e}s, Emmanuel J.},
  year          = {2013},
  publisher     = {arXiv},
  number        = {arXiv:1310.1969},
  doi           = {10.48550/arXiv.1310.1969},
  urldate       = {2020-04-16},
  eprint        = {1310.1969},
  primaryclass  = {math, stat},
  archiveprefix = {arXiv},
  keywords      = {Mathematics - Statistics Theory,Statistics - Methodology}
}

@article{kane2013,
  title         = {Scalable Strategies for Computing with Massive Data},
  author        = {Kane, Michael and Emerson, John W. and Weston, Stephen},
  year          = {2013},
  month         = nov,
  journal       = {Journal of Statistical Software},
  volume        = {55},
  pages         = {1--19},
  doi           = {10.18637/jss.v055.i14},
  issn          = {1548-7660},
  urldate       = {2025-05-20},
  copyright     = {Copyright (c) 2012 Michael Kane, John W. Emerson, Stephen Weston},
  langid        = {english},
  keywords      = {bigmemory,R}
}

@article{geer2014,
  title         = {On Asymptotically Optimal Confidence Regions and Tests for High-Dimensional Models},
  author        = {van de Geer, Sara and B{\"u}hlmann, Peter and Ritov, Ya'acov and Dezeure, Ruben},
  year          = {2014},
  journal       = {The Annals of Statistics},
  publisher     = {Institute of Mathematical Statistics},
  volume        = {42},
  number        = {3},
  pages         = {1166--1202},
  doi           = {10.1214/14-AOS1221},
  issn          = {0090-5364, 2168-8966},
  urldate       = {2025-05-06},
  keywords      = {
    62F25,62J07,62J12,central limit theorem,debiased lasso,generalized linear model,Lasso,linear
    model,multiple testing,Semiparametric efficiency,Sparsity
  }
}

@misc{figueiredo2014,
  title         = {
    Sparse Estimation with Strongly Correlated Variables Using Ordered Weighted {{L1}}
    Regularization
  },
  author        = {Figueiredo, M{\'a}rio A. T. and Nowak, Robert D.},
  year          = {2014},
  publisher     = {arXiv},
  number        = {arXiv:1409.4005},
  doi           = {10.48550/arXiv.1409.4005},
  urldate       = {2022-06-03},
  eprint        = {1409.4005},
  archiveprefix = {arXiv},
  keywords      = {Statistics - Machine Learning}
}

@article{zeng2014,
  title         = {Decreasing Weighted Sorted L1 Regularization},
  author        = {Zeng, Xiangrong and Figueiredo, M{\'a}rio A. T.},
  year          = {2014},
  journal       = {IEEE Signal Processing Letters},
  volume        = {21},
  number        = {10},
  pages         = {1240--1244},
  doi           = {10.1109/LSP.2014.2331977},
  issn          = {1070-9908, 1558-2361},
  keywords      = {
    Abstracts,argument vector,Clustering algorithms,decreasing weighted sorted 1
    regularization,dual norm,DWSL1,Linear regression,Materials,Moreau proximity
    operator,norms,octagonal shrinkage and clustering algorithm for regression,OSCAR,pattern
    clustering,Proximal splitting algorithms,regression analysis,Signal processing
    algorithms,sorted $\ell_1$ norm,Sorting,structured sparsity,Vectors
  }
}

@inproceedings{negrinho2014,
  title         = {Orbit Regularization},
  author        = {Negrinho, Renato and Martins, Andr{\'e} F. T.},
  year          = {2014},
  booktitle     = {Advances in {{Neural Information Processing Systems}} 27},
  publisher     = {Curran Associates, Inc.},
  address       = {Montreal, Canada},
  series        = {Advances in {{Neural Information Processing Systems}}},
  volume        = {27},
  pages         = {1--9},
  isbn          = {978-1-5108-0041-0},
  urldate       = {2025-05-08},
  editor        = {Ghahramani, Z. and Welling, M. and Cortes, C. and Lawrence, N. and Weinberger, K. Q.}
}

@article{lee2014,
  title         = {Proximal {{Newton-type}} Methods for Minimizing Composite Functions},
  author        = {Lee, Jason D. and Sun, Yuekai and Saunders, Michael A.},
  year          = {2014},
  month         = jan,
  journal       = {SIAM Journal on Optimization},
  publisher     = {{Society for Industrial and Applied Mathematics}},
  volume        = {24},
  number        = {3},
  pages         = {1420--1443},
  doi           = {10.1137/130921428},
  issn          = {1052-6234},
  urldate       = {2021-04-07}
}

@article{koussounadis2014,
  title         = {Chemotherapy-Induced Dynamic Gene Expression Changes in Vivo Are Prognostic in Ovarian Cancer},
  author        = {Koussounadis, A. and Langdon, S. P. and Harrison, D. J. and Smith, V. A.},
  year          = {2014},
  month         = jun,
  journal       = {British Journal of Cancer},
  publisher     = {Nature Publishing Group},
  volume        = {110},
  number        = {12},
  pages         = {2975--2984},
  doi           = {10.1038/bjc.2014.258},
  issn          = {1532-1827},
  urldate       = {2025-06-13},
  copyright     = {2014 The Author(s)},
  langid        = {english},
  keywords      = {Chemotherapy,data,Ovarian cancer,Prognosis}
}

@misc{zeng2015,
  title         = {The Ordered Weighted L1 Norm: Atomic Formulation, Projections, and Algorithms},
  shorttitle    = {The {{Ordered Weighted}} L1 {{Norm}}},
  author        = {Zeng, Xiangrong and Figueiredo, M{\'a}rio A. T.},
  year          = {2015},
  publisher     = {arXiv},
  number        = {arXiv:1409.4271},
  doi           = {10.48550/arXiv.1409.4271},
  urldate       = {2019-11-22},
  eprint        = {1409.4271},
  archiveprefix = {arXiv},
  keywords      = {
    Computer Science - Computer Vision and Pattern Recognition,Computer Science - Data Structures
    and Algorithms,Computer Science - Information Theory,Computer Science - Machine Learning
  }
}

@inproceedings{fercoq2015,
  title         = {Mind the Duality Gap: Safer Rules for the Lasso},
  author        = {Fercoq, Olivier and Gramfort, Alexandre and Salmon, Joseph},
  year          = {2015},
  booktitle     = {Proceedings of the 37th International Conference on Machine Learning},
  publisher     = {PMLR},
  address       = {Lille, France},
  series        = {Proceedings of Machine Learning Research},
  volume        = {37},
  pages         = {333--342},
  editor        = {Bach, Francis and Blei, David}
}

@article{bogdan2015,
  title         = {{{SLOPE}} -- Adaptive Variable Selection via Convex Optimization},
  author        = {
    Bogdan, Ma{\l}gorzata and van den Berg, Ewout and Sabatti, Chiara and Su, Weijie and
    Cand{\`e}s, Emmanuel J.
  },
  year          = {2015},
  journal       = {The annals of applied statistics},
  volume        = {9},
  number        = {3},
  pages         = {1103--1140},
  doi           = {10.1214/15-AOAS842},
  issn          = {1932-6157},
  urldate       = {2018-12-17},
  pmid          = {26709357},
  keywords      = {\_tablet,convex-optimization,l1-regularization,slope}
}

@article{wright2015,
  title         = {Coordinate Descent Algorithms},
  author        = {Wright, Stephen},
  year          = {2015},
  journal       = {Mathematical Programming: Series B},
  publisher     = {Springer Nature},
  volume        = {151},
  number        = {1},
  pages         = {3--34},
  doi           = {10.1007/s10107-015-0892-3},
  issn          = {00255610},
  urldate       = {2022-02-03},
  keywords      = {
    49M20,90C25,Algorithms,Approximation theory,coordinate descent,Coordinate descent,Mathematical
    optimization,Numerical analysis,Parallel numerical computing,Problem solving,Randomized
    algorithms,Stochastic convergence
  }
}

@inproceedings{figueiredo2016,
  title         = {
    Ordered Weighted {{L1}} Regularized Regression with Strongly Correlated Covariates: Theoretical
    Aspects
  },
  shorttitle    = {Ordered {{Weighted L1 Regularized Regression}} with {{Strongly Correlated Covariates}}},
  author        = {Figueiredo, M{\'a}rio A. T. and Nowak, Robert},
  year          = {2016},
  booktitle     = {
    Proceedings of the 19th {{International Conference}} on {{Artificial Intelligence}} and
    {{Statistics}}
  },
  publisher     = {JMLR W\&CP},
  address       = {Cadiz, Spain},
  series        = {Proceedings of {{Machine Learning Research}}},
  volume        = {51},
  pages         = {930--938},
  urldate       = {2019-11-05},
  langid        = {english}
}

@misc{chang2016,
  title         = {{{LIBSVM}} Data: Classification, Regression, and Multi-Label},
  author        = {Chang, Chih-Chung and Lin, Chih-Jen},
  year          = {2016},
  month         = dec,
  journal       = {LIBSVM - A library for Support Vector Machines},
  urldate       = {2018-03-12},
  howpublished  = {https://www.csie.ntu.edu.tw/{\textasciitilde}cjlin/libsvmtools/datasets/}
}

@article{bezanson2017,
  title         = {Julia: A Fresh Approach to Numerical Computing},
  shorttitle    = {Julia},
  author        = {Bezanson, Jeff and Edelman, Alan and Karpinski, Stefan and Shah, Viral B.},
  year          = {2017},
  journal       = {SIAM Review},
  publisher     = {{Society for Industrial and Applied Mathematics}},
  volume        = {59},
  number        = {1},
  pages         = {65--98},
  doi           = {10.1137/141000671},
  issn          = {0036-1445},
  urldate       = {2024-04-15},
  langid        = {english}
}

@inproceedings{massias2018,
  title         = {Celer: A Fast Solver for the Lasso with Dual Extrapolation},
  author        = {Massias, Mathurin and Gramfort, Alexandre and Salmon, Joseph},
  year          = {2018},
  booktitle     = {Proceedings of the 35th {{International Conference}} on {{Machine Learning}}},
  publisher     = {PMLR},
  address       = {Stockholm, Sweden},
  series        = {Proceedings of {{Machine Learning Research}}},
  volume        = {80},
  pages         = {3315--3324},
  editor        = {Dy, Jennifer and Krause, Andreas},
  langid        = {english}
}

@article{luo2019,
  title         = {
    Solving the {{OSCAR}} and {{SLOPE}} Models Using a Semismooth {{Newton-based}} Augmented
    {{Lagrangian}} Method
  },
  author        = {Luo, Ziyan and Sun, Defeng and Toh, Kim-Chuan and Xiu, Naihua},
  year          = {2019},
  journal       = {Journal of Machine Learning Research},
  volume        = {20},
  number        = {106},
  pages         = {1--25},
  issn          = {1533-7928},
  urldate       = {2020-03-06},
  langid        = {english}
}

@techreport{kremer2019,
  title         = {Sparse Index Clones via the Sorted {{L1-norm}}},
  author        = {Kremer, Philipp and Brzyski, Damian and Bogdan, Ma{\l}gorzata and Paterlini, Sandra},
  year          = {2019},
  address       = {Rochester, NY},
  number        = {ID 3412061},
  pages         = {1--30},
  doi           = {10.2139/ssrn.3412061},
  urldate       = {2020-05-07},
  type          = {{SSRN Scholarly Paper}},
  institution   = {Social Science Research Network},
  langid        = {english},
  keywords      = {Hedge Fund Clones,Index Tracking,Regularization,SLOPE}
}

@article{du2020both,
  title         = {
    Both IDO1 and TDO contribute to the malignancy of gliomas via the Kyn--AhR--AQP4 signaling
    pathway
  },
  author        = {
    Du, Lisha and Xing, Zikang and Tao, Bangbao and Li, Tianqi and Yang, Dan and Li, Weirui and
    Zheng, Yuanting and Kuang, Chunxiang and Yang, Qing
  },
  year          = {2020},
  journal       = {Signal transduction and targeted therapy},
  publisher     = {Nature Publishing Group UK London},
  volume        = {5},
  number        = {1},
  pages         = {10}
}

@article{zhang2020,
  title         = {Globally Convergent Type-i {{Anderson}} Acceleration for Nonsmooth Fixed-Point Iterations},
  author        = {Zhang, Junzi and O'Donoghue, Brendan and Boyd, Stephen},
  year          = {2020},
  journal       = {SIAM Journal on Optimization},
  publisher     = {{Society for Industrial and Applied Mathematics}},
  volume        = {30},
  number        = {4},
  pages         = {3170--3197},
  doi           = {10.1137/18M1232772},
  issn          = {1052-6234},
  urldate       = {2025-05-08}
}

@misc{janssens2020,
  title         = {Julia and {{C}}++: A Technical Overview of {{CxxWrap}}.Jl},
  author        = {Janssens, Bart},
  year          = {2020},
  address       = {Virtual},
  type          = {Oral},
  langid        = {english}
}

@inproceedings{larsson2020a,
  title         = {The Strong Screening Rule for {{SLOPE}}},
  author        = {Larsson, Johan and Bogdan, Ma{\l}gorzata and Wallin, Jonas},
  year          = {2020},
  booktitle     = {Advances in Neural Information Processing Systems 33},
  publisher     = {Curran Associates, Inc.},
  address       = {Virtual},
  volume        = {33},
  pages         = {14592--14603},
  isbn          = {978-1-7138-2954-6},
  editor        = {
    Larochelle, Hugo and Ranzato, Marc'Aurelio and Hadsell, Raia and Balcan, Maria-Florina and Lin,
    Hsuan-Tien
  },
  langid        = {english}
}

@article{virtanen2020,
  title         = {{{SciPy}} 1.0: Fundamental Algorithms for Scientific Computing in {{Python}}},
  shorttitle    = {{{SciPy}} 1.0},
  author        = {
    Virtanen, Pauli and Gommers, Ralf and Oliphant, Travis E. and Haberland, Matt and Reddy, Tyler
    and Cournapeau, David and Burovski, Evgeni and Peterson, Pearu and Weckesser, Warren and
    Bright, Jonathan and {van der Walt}, St{\'e}fan J. and Brett, Matthew and Wilson, Joshua and
    Millman, K. Jarrod and Mayorov, Nikolay and Nelson, Andrew R. J. and Jones, Eric and Kern,
    Robert and Larson, Eric and Carey, C. J. and Polat, {\.I}lhan and Feng, Yu and Moore, Eric W.
    and VanderPlas, Jake and Laxalde, Denis and Perktold, Josef and Cimrman, Robert and Henriksen,
    Ian and Quintero, E. A. and Harris, Charles R. and Archibald, Anne M. and Ribeiro, Ant{\^o}nio
    H. and Pedregosa, Fabian and {van Mulbregt}, Paul
  },
  year          = {2020},
  month         = mar,
  journal       = {Nature Methods},
  publisher     = {Nature Publishing Group},
  volume        = {17},
  number        = {3},
  pages         = {261--272},
  doi           = {10.1038/s41592-019-0686-2},
  issn          = {1548-7105},
  urldate       = {2025-06-24},
  copyright     = {2020 The Author(s)},
  langid        = {english},
  keywords      = {Biophysical chemistry,Computational biology and bioinformatics,Technology}
}

@inproceedings{larsson2021a,
  title         = {Look-Ahead Screening Rules for the Lasso},
  author        = {Larsson, Johan},
  year          = {2021},
  booktitle     = {22nd {{European}} Young Statisticians Meeting - Proceedings},
  publisher     = {{Panteion university of social and political sciences}},
  address       = {Athens, Greece},
  pages         = {61--65},
  isbn          = {978-960-7943-23-1},
  copyright     = {All rights reserved},
  editor        = {
    Makridis, Andreas and Milienos, Fotios S. and Papastamoulis, Panagiotis and Parpoula, Christina
    and Rakitzis, Athanasios
  },
  langid        = {english}
}

@inproceedings{moreau2022a,
  title         = {Benchopt: Reproducible, Efficient and Collaborative Optimization Benchmarks},
  shorttitle    = {Benchopt},
  author        = {
    Moreau, Thomas and Massias, Mathurin and Gramfort, Alexandre and Ablin, Pierre and Bannier,
    Pierre-Antoine and Charlier, Benjamin and Dagr{\'e}ou, Mathieu and la Tour, Tom Dupr{\'e} and
    Durif, Ghislain and Dantas, Cassio F. and Klopfenstein, Quentin and Larsson, Johan and Lai, En
    and Lefort, Tanguy and Mal{\'e}zieux, Benoit and Moufad, Badr and Nguyen, Binh T. and
    Rakotomamonjy, Alain and Ramzi, Zaccharie and Salmon, Joseph and Vaiter, Samuel
  },
  year          = {2022},
  booktitle     = {Advances in Neural Information Processing Systems 35},
  publisher     = {Curran Associates, Inc.},
  address       = {New Orleans, USA},
  volume        = {35},
  pages         = {25404--25421},
  isbn          = {978-1-7138-710G8-8},
  copyright     = {All rights reserved},
  editor        = {Koyejo, S. and Mohamed, S. and Agarwal, A. and Belgrave, D. and Cho, K. and Oh, A.},
  keywords      = {
    Computer Science - Machine Learning,Mathematics - Optimization and Control,Statistics - Machine
    Learning
  }
}

@misc{bogdan2022,
  title         = {Pattern Recovery by {{SLOPE}}},
  author        = {
    Bogdan, Ma{\l}gorzata and Dupuis, Xavier and Graczyk, Piotr and Ko{\l}odziejek, Bartosz and
    Skalski, Tomasz and Tardivel, Patrick and Wilczy{\'n}ski, Maciej
  },
  year          = {2022},
  publisher     = {arXiv},
  number        = {arXiv:2203.12086},
  doi           = {10.48550/arXiv.2203.12086},
  urldate       = {2022-06-03},
  eprint        = {2203.12086},
  primaryclass  = {math, stat},
  archiveprefix = {arXiv},
  keywords      = {62J05 (Primary) 62J07 (Secondary),Mathematics - Statistics Theory}
}

@article{schneider2022,
  title         = {The Geometry of Uniqueness, Sparsity and Clustering in Penalized Estimation},
  author        = {Schneider, Ulrike and Tardivel, Patrick},
  year          = {2022},
  journal       = {The Journal of Machine Learning Research},
  volume        = {23},
  number        = {331},
  pages         = {1--36},
  issn          = {1532-4435},
  keywords      = {clustering,geometry,penalized estimation,polytope,regularization,SLOPE,sparsity,uniqueness}
}

@inproceedings{bertrand2022,
  title         = {Beyond {{L1}}: Faster and Better Sparse Models with Skglm},
  shorttitle    = {Beyond {{L1}}},
  author        = {
    Bertrand, Quentin and Klopfenstein, Quentin and Bannier, Pierre-Antoine and Gidel, Gauthier and
    Massias, Mathurin
  },
  year          = {2022},
  booktitle     = {Advances in {{Neural Information Processing Systems}} 35},
  publisher     = {Curran Associates, Inc.},
  address       = {New Orleans, USA},
  volume        = {35},
  pages         = {38950--38965},
  isbn          = {978-1-7138-7108-8},
  urldate       = {2024-01-08},
  langid        = {english}
}

@inproceedings{larsson2022d,
  title         = {The {{Hessian}} Screening Rule},
  author        = {Larsson, Johan and Wallin, Jonas},
  year          = {2022},
  booktitle     = {Advances in Neural Information Processing Systems 35},
  publisher     = {Curran Associates, Inc.},
  address       = {New Orleans, USA},
  volume        = {35},
  pages         = {15823--15835},
  isbn          = {978-1-7138-7108-8},
  copyright     = {All rights reserved},
  editor        = {
    Koyejo, Sanmi and Mohamed, Sidahmed and Agarwal, Alekh and Belgrave, Danielle and Cho,
    Kyunghyun and Oh, Alice
  },
  langid        = {english},
  keywords      = {
    62J07,Computer Science - Machine Learning,G.3,G.4,Statistics - Computation,Statistics - Machine
    Learning
  }
}

@misc{breheny2022,
  title         = {Patrick {{Breheny}}},
  author        = {Breheny, Patrick},
  year          = {2022},
  month         = may,
  journal       = {University of Iowa},
  urldate       = {2022-05-17},
  howpublished  = {https://myweb.uiowa.edu/pbreheny/}
}

@misc{nationalcancerinstitute2022,
  title         = {The {{Cancer Genome Atlas Program}}},
  author        = {{National Cancer Institute}},
  year          = {2022},
  month         = may,
  journal       = {National Cancer Institute},
  urldate       = {2022-05-17},
  howpublished  = {https://www.cancer.gov/about-nci/organization/ccg/research/structural-genomics/tcga},
  langid        = {english},
  keywords      = {bctcga,data,tcga}
}

@misc{skalski2022,
  title         = {Pattern Recovery and Signal Denoising by {{SLOPE}} When the Design Matrix Is Orthogonal},
  author        = {Skalski, Tomasz and Graczyk, Piotr and Ko{\l}odziejek, Bartosz and Wilczy{\'n}ski, Maciej},
  year          = {2022},
  month         = jun,
  publisher     = {arXiv},
  number        = {arXiv:2202.08573},
  doi           = {10.48550/arXiv.2202.08573},
  urldate       = {2025-04-02},
  eprint        = {2202.08573},
  primaryclass  = {math},
  archiveprefix = {arXiv},
  keywords      = {Mathematics - Statistics Theory,Statistics - Statistics Theory}
}

@article{koslinski2023comparative,
  title         = {
    Comparative Analysis of Amino Acid Profiles in Patients with Glioblastoma and Meningioma Using
    Liquid Chromatography Electrospray Ionization Tandem Mass Spectrometry (LC-ESI-MS/MS)
  },
  author        = {
    Ko{\'s}li{\'n}ski, Piotr and Pluskota, Robert and Koba, Marcin and Siedlecki, Zygmunt and
    {\'S}niegocki, Maciej
  },
  year          = {2023},
  journal       = {Molecules},
  publisher     = {MDPI},
  volume        = {28},
  number        = {23},
  pages         = {7699}
}

@article{Godlewski2023,
  title         = {
    A comparison of different machine-learning techniques for the selection of a panel of
    metabolites allowing early detection of brain tumors
  },
  author        = {
    Godlewski, Adrian and Czajkowski, Marcin and Mojsak, Patrycja and Pienkowski, Tomasz and Gosk,
    Wioleta and Lyson, Tomasz and Mariak, Zenon and Reszec, Joanna and Kondraciuk, Marcin and
    Kaminski, Karol and Kretowski, Marek and Moniuszko, Marcin and Kretowski, Adam and Ciborowski,
    Michal
  },
  year          = {2023},
  journal       = {Scientific Reports},
  volume        = {13},
  number        = {1},
  pages         = {11044},
  doi           = {10.1038/s41598-023-38243-1},
  issn          = {2045-2322}
}

@article{elvira2023,
  title         = {Safe Rules for the Identification of Zeros in the Solutions of the {{SLOPE}} Problem},
  author        = {Elvira, Cl{\'e}ment and Herzet, C{\'e}dric},
  year          = {2023},
  journal       = {SIAM Journal on Mathematics of Data Science},
  publisher     = {{Society for Industrial and Applied Mathematics}},
  volume        = {5},
  number        = {1},
  pages         = {147--173},
  doi           = {10.1137/21M1457631},
  urldate       = {2025-04-24}
}

@inproceedings{larsson2023,
  title         = {Coordinate Descent for {{SLOPE}}},
  author        = {Larsson, Johan and Klopfenstein, Quentin and Massias, Mathurin and Wallin, Jonas},
  year          = {2023},
  booktitle     = {Proceedings of the 26th International Conference on Artificial Intelligence and Statistics},
  publisher     = {PMLR},
  address       = {Valencia, Spain},
  series        = {Proceedings of Machine Learning Research},
  volume        = {206},
  pages         = {4802--4821},
  copyright     = {All rights reserved},
  editor        = {Ruiz, Francisco and Dy, Jennifer and {van de Meent}, Jan-Willem}
}

@article{wang2024genomic,
  title         = {The genomic alterations in glioblastoma influence the levels of CSF metabolites},
  author        = {
    Wang, Daniel H and Fujita, Yoko and Dono, Antonio and Rodriguez Armendariz, Ana G and Shah,
    Mauli and Putluri, Nagireddy and Pichardo-Rojas, Pavel S and Patel, Chirag B and Zhu,
    Jay-Jiguang and Huse, Jason T and others
  },
  year          = {2024},
  journal       = {Acta Neuropathologica Communications},
  publisher     = {Springer},
  volume        = {12},
  number        = {1},
  pages         = {13}
}

@inproceedings{dupuis2024,
  title         = {The Solution Path of {{SLOPE}}},
  author        = {Dupuis, Xavier and Tardivel, Patrick},
  year          = {2024},
  booktitle     = {
    Proceedings of {{The}} 27th {{International Conference}} on {{Artificial Intelligence}} and
    {{Statistics}}
  },
  publisher     = {PMLR},
  address       = {Valencia, Spain},
  volume        = {238},
  pages         = {775--783},
  issn          = {2640-3498},
  urldate       = {2025-05-07},
  langid        = {english}
}

@article{srivastava2025amino,
  title         = {Amino acid metabolism in glioblastoma pathogenesis, immune evasion, and treatment resistance},
  author        = {
    Srivastava, Shriyansh and Anbiaee, Robab and Houshyari, Mohammad and Laxmi and Sridhar, Sathvik
    Belagodu and Ashique, Sumel and Hussain, Sadique and Kumar, Sachin and Taj, Tahreen and
    Akbarnejad, Zeinab and others
  },
  year          = {2025},
  journal       = {Cancer Cell International},
  publisher     = {Springer},
  volume        = {25},
  number        = {1},
  pages         = {89}
}

@manual{rcoreteam2025,
  title         = {R: A Language and Environment for Statistical Computing},
  author        = {{R Core Team}},
  year          = {2025},
  address       = {Vienna, Austria},
  url           = {https://www.R-project.org/},
  organization  = {R Foundation for Statistical Computing}
}

@misc{larsson2025,
  title         = {The Choice of Normalization Influences Shrinkage in Regularized Regression},
  author        = {Larsson, Johan and Wallin, Jonas},
  year          = {2025},
  publisher     = {arXiv},
  number        = {arXiv:2501.03821},
  doi           = {10.48550/arXiv.2501.03821},
  urldate       = {2025-01-22},
  copyright     = {All rights reserved},
  eprint        = {2501.03821},
  primaryclass  = {stat},
  archiveprefix = {arXiv},
  keywords      = {Computer Science - Machine Learning,Statistics - Machine Learning,Statistics - Methodology}
}

@misc{jakob2025,
  title         = {Pybind/Pybind11},
  author        = {Jakob, Wenzel},
  year          = {2025},
  urldate       = {2025-04-24},
  howpublished  = {pybind},
  keywords      = {bindings,python}
}

@misc{kitware2025,
  title         = {{CMake}},
  author        = {{Kitware}},
  year          = {2025},
  journal       = {CMake},
  urldate       = {2025-05-15},
  note          = {Open-source, cross-platform build system},
  howpublished  = {https://cmake.org/},
  langid        = {american}
}
